{"date":"March 17, 2023","city":"Glendale","venue":"State Farm Stadium","attendance":69213,"revenue":17600865.8999999985}
{"date":"March 18, 2023","city":"Glendale","venue":"State Farm Stadium","attendance":69213,"revenue":17600865.8999999985}
{"date":"March 24, 2023","city":"Paradise","venue":"Allegiant Stadium","attendance":70150,"revenue":17839145.0}
{"date":"March 25, 2023","city":"Paradise","venue":"Allegiant Stadium","attendance":70150,"revenue":17839145.0}
{"date":"March 31, 2023","city":"Arlington","venue":"AT&T Stadium","attendance":105002,"revenue":26702008.6000000015}
{"date":"April 1, 2023","city":"Arlington","venue":"AT&T Stadium","attendance":105002,"revenue":26702008.6000000015}
{"date":"April 2, 2023","city":"Arlington","venue":"AT&T Stadium","attendance":105002,"revenue":26702008.6000000015}
{"date":"April 13, 2023","city":"Tampa","venue":"Raymond James Stadium","attendance":76034,"revenue":19335446.1999999993}
{"date":"April 14, 2023","city":"Tampa","venue":"Raymond James Stadium","attendance":76034,"revenue":19335446.1999999993}
{"date":"April 15, 2023","city":"Tampa","venue":"Raymond James Stadium","attendance":76034,"revenue":19335446.1999999993}
{"date":"April 21, 2023","city":"Houston","venue":"NRG Stadium","attendance":87983,"revenue":22374076.8999999985}
{"date":"April 22, 2023","city":"Houston","venue":"NRG Stadium","attendance":87983,"revenue":22374076.8999999985}
{"date":"April 23, 2023","city":"Houston","venue":"NRG Stadium","attendance":87983,"revenue":22374076.8999999985}
{"date":"April 28, 2023","city":"Atlanta","venue":"Mercedes-Benz Stadium","attendance":87648,"revenue":22288886.3999999985}
{"date":"April 29, 2023","city":"Atlanta","venue":"Mercedes-Benz Stadium","attendance":87648,"revenue":22288886.3999999985}
{"date":"April 30, 2023","city":"Atlanta","venue":"Mercedes-Benz Stadium","attendance":87648,"revenue":22288886.3999999985}
{"date":"May 5, 2023","city":"Nashville","venue":"Nissan Stadium","attendance":99876,"revenue":25398466.8000000007}
{"date":"May 6, 2023","city":"Nashville","venue":"Nissan Stadium","attendance":99876,"revenue":25398466.8000000007}
{"date":"May 7, 2023","city":"Nashville","venue":"Nissan Stadium","attendance":99876,"revenue":25398466.8000000007}
{"date":"May 12, 2023","city":"Philadelphia","venue":"Lincoln Financial Field","attendance":76532,"revenue":19462087.6000000015}
{"date":"May 13, 2023","city":"Philadelphia","venue":"Lincoln Financial Field","attendance":76532,"revenue":19462087.6000000015}
{"date":"May 14, 2023","city":"Philadelphia","venue":"Lincoln Financial Field","attendance":76532,"revenue":19462087.6000000015}
{"date":"May 19, 2023","city":"Foxborough","venue":"Gillette Stadium","attendance":99876,"revenue":25398466.8000000007}
{"date":"May 20, 2023","city":"Foxborough","venue":"Gillette Stadium","attendance":99876,"revenue":25398466.8000000007}
{"date":"May 21, 2023","city":"Foxborough","venue":"Gillette Stadium","attendance":99876,"revenue":25398466.8000000007}
{"date":"May 26, 2023","city":"East Rutherford","venue":"MetLife Stadium","attendance":88762,"revenue":22572176.6000000015}
{"date":"May 27, 2023","city":"East Rutherford","venue":"MetLife Stadium","attendance":88762,"revenue":22572176.6000000015}
{"date":"May 28, 2023","city":"East Rutherford","venue":"MetLife Stadium","attendance":88762,"revenue":22572176.6000000015}
{"date":"June 2, 2023","city":"Chicago","venue":"Soldier Field","attendance":67854,"revenue":17255272.1999999993}
{"date":"June 3, 2023","city":"Chicago","venue":"Soldier Field","attendance":67854,"revenue":17255272.1999999993}
{"date":"June 4, 2023","city":"Chicago","venue":"Soldier Field","attendance":67854,"revenue":17255272.1999999993}
{"date":"June 9, 2023","city":"Detroit","venue":"Ford Field","attendance":77651,"revenue":19746649.3000000007}
{"date":"June 10, 2023","city":"Detroit","venue":"Ford Field","attendance":77651,"revenue":19746649.3000000007}
{"date":"June 16, 2023","city":"Pittsburg","venue":"Acrisure Stadium","attendance":97865,"revenue":24887069.5}
{"date":"June 17, 2023","city":"Pittsburg","venue":"Acrisure Stadium","attendance":97865,"revenue":24887069.5}
{"date":"June 23, 2023","city":"Minneapolis","venue":"U.S. Bank Stadium","attendance":89654,"revenue":22799012.1999999993}
{"date":"June 24, 2023","city":"Minneapolis","venue":"U.S. Bank Stadium","attendance":89654,"revenue":22799012.1999999993}
{"date":"June 30, 2023","city":"Cincinnati","venue":"Paycor Stadium","attendance":71293,"revenue":18129809.8999999985}
{"date":"July 1, 2023","city":"Cincinnati","venue":"Paycor Stadium","attendance":71293,"revenue":18129809.8999999985}
{"date":"July 7, 2023","city":"Kansas City","venue":"GEHA Field at Arrowhead Stadium","attendance":69432,"revenue":17656557.6000000015}
{"date":"July 8, 2023","city":"Kansas City","venue":"GEHA Field at Arrowhead Stadium","attendance":69432,"revenue":17656557.6000000015}
{"date":"July 14, 2023","city":"Denver","venue":"Empower Field at Mile High","attendance":89654,"revenue":22799012.1999999993}
{"date":"July 15, 2023","city":"Denver","venue":"Empower Field at Mile High","attendance":89654,"revenue":22799012.1999999993}
{"date":"July 22, 2023","city":"Seattle","venue":"Lumen Field","attendance":72003,"revenue":18310362.8999999985}
{"date":"July 23, 2023","city":"Seattle","venue":"Lumen Field","attendance":72003,"revenue":18310362.8999999985}
{"date":"July 28, 2023","city":"Santa Clara","venue":"Levi\u2019s Stadium","attendance":84376,"revenue":21456816.8000000007}
{"date":"July 29, 2023","city":"Santa Clara","venue":"Levi\u2019s Stadium","attendance":84376,"revenue":21456816.8000000007}
{"date":"August 3, 2023","city":"Inglewood","venue":"SoFi Stadium","attendance":90763,"revenue":23081030.8999999985}
{"date":"August 4, 2023","city":"Inglewood","venue":"SoFi Stadium","attendance":90763,"revenue":23081030.8999999985}
{"date":"August 5, 2023","city":"Inglewood","venue":"SoFi Stadium","attendance":90763,"revenue":23081030.8999999985}
{"date":"August 7, 2023","city":"Inglewood","venue":"SoFi Stadium","attendance":90763,"revenue":23081030.8999999985}
{"date":"August 8, 2023","city":"Inglewood","venue":"SoFi Stadium","attendance":90763,"revenue":23081030.8999999985}
{"date":"August 9, 2023","city":"Inglewood","venue":"SoFi Stadium","attendance":90763,"revenue":23081030.8999999985}
